%% This BibTeX bibliography file was created using BibDesk.
%% http://bibdesk.sourceforge.net/

%% Saved with string encoding Unicode (UTF-8) 


@article{ref:MolecularEvolveHumanCoV,
	Author = {Forni, Diego and Cagliani, Rachele and Clerici, Mario and Sironi, Manuela},
	Date-Modified = {2018-05-17 13:01:24 +0000},
	Journal = {Trends in microbiology},
	Number = {1},
	Pages = {35--48},
	Publisher = {Elsevier},
	Title = {Molecular evolution of human coronavirus genomes},
	Volume = {25},
	Year = {2017}}

@article{ref:MutantMERS,
	Author = {Kim, Yuri and Cheon, Shinhye and Min, Chan-Ki and Sohn, Kyung Mok and Kang, Ying Jin and Cha, Young-Je and Kang, Ju-Il and Han, Seong Kyu and Ha, Na-Young and Kim, Gwanghun and others},
	Date-Modified = {2018-05-17 13:02:06 +0000},
	Journal = {MBio},
	Number = {2},
	Pages = {e00019--16},
	Publisher = {Am Soc Microbiol},
	Title = {Spread of mutant Middle East respiratory syndrome coronavirus with reduced affinity to human CD26 during the South Korean outbreak},
	Volume = {7},
	Year = {2016}}

@article{ref:SprCircEvolMERS,
	Author = {Cotten, Matthew and Watson, Simon J and Zumla, Alimuddin I and Makhdoom, Hatem Q and Palser, Anne L and Ong, Swee Hoe and Al Rabeeah, Abdullah A and Alhakeem, Rafat F and Assiri, Abdullah and Al-Tawfiq, Jaffar A and others},
	Date-Modified = {2018-05-17 13:01:53 +0000},
	Journal = {MBio},
	Number = {1},
	Pages = {e01062--13},
	Publisher = {Am Soc Microbiol},
	Title = {Spread, circulation, and evolution of the Middle East respiratory syndrome coronavirus},
	Volume = {5},
	Year = {2014}}

@article{ref:MERSinKorea,
	Author = {Kim, Jin Il and Kim, You-Jin and Lemey, Philippe and Lee, Ilseob and Park, Sehee and Bae, Joon-Yong and Kim, Donghwan and Kim, Hyejin and Jang, Seok-Il and Yang, Jeong-Sun and others},
	Date-Modified = {2018-05-17 13:02:22 +0000},
	Journal = {Scientific reports},
	Pages = {18825},
	Publisher = {Nature Publishing Group},
	Title = {The recent ancestry of Middle East respiratory syndrome coronavirus in Korea has been shaped by recombination},
	Volume = {6},
	Year = {2016}}
